<record><leader>00000cas a2200000 a 4500</leader><controlfield tag="001">9344059</controlfield><controlfield tag="008">830324d18551872miuwr ne      0    0eng c</controlfield><datafield ind1=" " ind2=" " tag="010"><subfield code="a">sn 83025237 </subfield></datafield><datafield ind1=" " ind2=" " tag="040"><subfield code="a">NPV</subfield><subfield code="b">eng</subfield><subfield code="c">NPV</subfield><subfield code="d">NPX</subfield><subfield code="d">NPV</subfield><subfield code="d">NPY</subfield><subfield code="d">NVF</subfield><subfield code="d">NVK</subfield><subfield code="d">MHN</subfield><subfield code="d">OCL</subfield><subfield code="d">NVK</subfield><subfield code="d">OCL</subfield><subfield code="d">KRTAS</subfield><subfield code="d">OCLCQ</subfield><subfield code="d">OCLCF</subfield><subfield code="d">OCLCO</subfield><subfield code="d">CUS</subfield></datafield><datafield ind1=" " ind2=" " tag="042"><subfield code="a">pcc</subfield></datafield><datafield ind1=" " ind2=" " tag="043"><subfield code="a">n-us-mi</subfield></datafield><datafield ind1=" " ind2=" " tag="045"><subfield code="a">w5w6</subfield></datafield><datafield ind1="1" ind2="4" tag="050"><subfield code="a">AN</subfield></datafield><datafield ind1=" " ind2=" " tag="052"><subfield code="a">4113</subfield><subfield code="b">O5</subfield></datafield><datafield ind1="0" ind2="0" tag="245"><subfield code="a">Lake Superior miner.</subfield></datafield><datafield ind1=" " ind2=" " tag="260"><subfield code="a">Ontonagon, Mich. :</subfield><subfield code="b">Emerson &amp; Bliss,</subfield><subfield code="c">1855-</subfield></datafield><datafield ind1=" " ind2=" " tag="300"><subfield code="a">v. ;</subfield><subfield code="c">58 cm.</subfield></datafield><datafield ind1=" " ind2=" " tag="310"><subfield code="a">Weekly</subfield></datafield><datafield ind1="0" ind2=" " tag="362"><subfield code="a">Vol. 1, no. 1 (Aug. 18, 1855)-</subfield></datafield><datafield ind1=" " ind2=" " tag="500"><subfield code="a">"Devoted to the Mining and other interests of the Lake Superior Region."</subfield></datafield><datafield ind1=" " ind2=" " tag="500"><subfield code="a">Editors: George D. Emerson, &lt;1856&gt;; J.W. Crozer, &lt;1864&gt;.</subfield></datafield><datafield ind1=" " ind2=" " tag="500"><subfield code="a">Publisher varies: Emerson &amp; Bliss, 1855-Aug. 23, 1856; Geo. D. Emerson, Aug. 30, 1856-185&lt;7&gt;; Emerson &amp; Crozer, 1857-&lt;1859&gt;; J.W. Crozer, &lt;1863&gt;; Thos. J. Lasier, Aug. 31, 1867-Sept. 3, 1870; Alfred Meads, Sept. 10, 1870-</subfield></datafield><datafield ind1=" " ind2=" " tag="515"><subfield code="a">Whole number designation added: Vol. 14, no. 1 (Aug. 29, 1868) = whole no. 677.</subfield></datafield><datafield ind1=" " ind2=" " tag="530"><subfield code="a">Available on microfilm from The State Historical Society of Wisconsin.</subfield></datafield><datafield ind1=" " ind2="0" tag="651"><subfield code="a">Ontonagon (Mich.)</subfield><subfield code="v">Newspapers.</subfield></datafield><datafield ind1=" " ind2="0" tag="651"><subfield code="a">Ontonagon County (Mich.)</subfield><subfield code="v">Newspapers.</subfield></datafield><datafield ind1=" " ind2="7" tag="651"><subfield code="a">Michigan</subfield><subfield code="z">Ontonagon.</subfield><subfield code="2">fast</subfield><subfield code="0">(OCoLC)fst01219756</subfield></datafield><datafield ind1=" " ind2="7" tag="651"><subfield code="a">Michigan</subfield><subfield code="z">Ontonagon County.</subfield><subfield code="2">fast</subfield><subfield code="0">(OCoLC)fst01217103</subfield></datafield><datafield ind1=" " ind2="7" tag="655"><subfield code="a">Newspapers.</subfield><subfield code="2">fast</subfield><subfield code="0">(OCoLC)fst01423814</subfield></datafield><datafield ind1=" " ind2=" " tag="752"><subfield code="a">United States</subfield><subfield code="b">Michigan</subfield><subfield code="c">Ontonagon</subfield><subfield code="d">Ontonagon.</subfield></datafield><datafield ind1="0" ind2="0" tag="785"><subfield code="t">Ontonagon miner</subfield><subfield code="w">(DLC)sn 85033776</subfield><subfield code="w">(OCoLC)12254855</subfield></datafield><datafield ind1="4" ind2="1" tag="856"><subfield code="3">10/06/1855 to 09/10/1870</subfield><subfield code="u">http://infoweb.newsbank.com/?db=EANX&amp;s_browseRef=decades/1134301C40BF92F8/all.xml</subfield></datafield><datafield ind1=" " ind2=" " tag="938"><subfield code="a">Kirtas Technologies, Inc.</subfield><subfield code="b">KRTS</subfield><subfield code="n">710069</subfield></datafield><datafield ind1="1" ind2=" " tag="029"><subfield code="a">AU@</subfield><subfield code="b">000020226305</subfield></datafield></record>